@article{akiyama1992note,
  title={A note on Hecke’s absolute invariants},
  author={Akiyama, S.},
  journal={J. Ramanujan Math. Soc},
  volume={7},
  number={1},
  pages={65--81},
  year={1992}
}

@book{andrews1998theory,
  title={The theory of partitions},
  author={Andrews, G. E.},
  year={1998},
  publisher={Cambridge University Press}
}

@thesis{ashworth1968congruence,
  title={Congruence and identical properties of modular forms},
  author={Ashworth, M. H.},
  year={1968},
  school={University of Oxford},
  note = {Ph.D. thesis supervised by A. O. L. Atkin, cited in \cite{swinnerton1973}.}
}

@article{berndt1999ramanujan,
  title={Ramanujan’s unpublished manuscript on the partition and tau functions with proofs and commentary},
  author={Berndt, B. C. and Ono, K.},
  journal={S{\'e}m. Lotharingien de Combinatoire},
  volume={42},
  pages={63},
  year={1999},
  publisher={Citeseer}
}

@book{berndt2008hecke,
  title={Hecke's theory of modular forms and 
  Dirichlet series},
  author={Berndt, B. C. and Knopp, M. I.},
  volume={5},
  year={2008},
  publisher={World Scientific}
}

@book{boas2013polynomial,
  title={Polynomial expansions of analytic functions},
  author={Boas, R. P. and Buck, R. C.},
  volume={19},
  year={2013},
  publisher={Springer Science \& Business Media}
}

@article{borcherds1984monster,
  title={A monster Lie algebra?},
  author={Borcherds, RE and Conway, JH and Queen, L and Sloane, NJA},
  journal={Advances in Mathematics},
  volume={53},
  number={1},
  pages={75--79},
  year={1984},
  publisher={Academic Press}
}

@article{borcherds1990monster,
  title={The monster Lie algebra},
  author={Borcherds, Richard E},
  journal={Advances in Mathematics},
  volume={83},
  number={1},
  pages={30--47},
  year={1990},
  publisher={Elsevier}
}

@article{borcherds1992monstrous,
  title={Monstrous moonshine and monstrous Lie superalgebras.},
  author={Borcherds, Richard E},
  journal={Inventiones mathematicae},
  volume={109},
  number={2},
  pages={405--444},
  year={1992}
}

@misc{OEISbottomley,
  title={The On-Line Encyclopedia of Integer Sequences, A099628},
  author={Bottomley, H.},
  howpublished = {\url{http://oeis.org/A099628}},
}

@article{brent1998quadratic,
  title={Quadratic minima and modular forms},
  author={Brent, B.},
  journal={Experimental Mathematics},
  volume={7},
  number={3},
  pages={257--274},
  year={1998},
  publisher={Taylor \& Francis}
}

@article{brent2001quadratic,
  title={Quadratic minima and modular forms II},
  author={Brent, B.},
  journal={Acta Arithmetica},
  volume={96},
  number={4},
  pages={381--387},
  year={2001}
}

@misc{test3,
  title={interpolations repository},
  author={Brent, B.},
  howpublished = 
{\url{https://github.com/barry314159a/interpolations}},
}

@misc{secondpaper,
  title={finite-models repository},
  author={Brent, B.},
  howpublished = 
{\url{https://github.com/barry314159a/trianglefunctions}},
}

@misc{githubNewmanShanks,
  title={GitHub files for this article},
  author={Brent, B.},
  year={2023},
  howpublished = 
{\url{https://github.com/barry314159a/NewmanShanks}}
}

@misc{interpolating,
    title = {Polynomial interpolation of modular forms for Hecke groups},
    author = {Brent, B.},
    journal = {Integers},
    volume = {2021},
    number = {\# A118},
    howpublished={\url{http://math.colgate.edu/~integers/v118/v118.pdf}}
}

@misc{OEISbrock,
  title={The On-Line Encyclopedia of Integer Sequences, A164123},
  author={Brockhaus, K.},
  howpublished = {\url{http://oeis.org/A164123}},
}

@misc{OEISbroussard,
  title={The On-Line Encyclopedia of Integer Sequences, A136318},
  author={Broussard, G., K.},
  howpublished = {\url{http://oeis.org/A136318}},
}

@article{buckholtz1973series,
  title={Series expansions of analytic functions},
  author={Buckholtz, J. D.},
  journal={Journal of Mathematical Analysis and Applications},
  volume={41},
  number={3},
  pages={673--684},
  year={1973},
  publisher={Elsevier}
}

@article{byrd,
  title={Expansion of analytic functions in polynomials associated with Fibonacci numbers},
  author={Byrd, P. F.},
  journal={Fibonacci Q.},
  volume={1},
  pages={16},
  year={1963}
}

@book{caratheodory2,
  title={Theory of functions of a complex variable,
  Second English Edition},
  author={Carath{\'e}odory, C.},
  note={Translated by F. Steinhardt},
  volume={2},
  year={1981},
  publisher={Chelsea Publishing Company}
}

@book{caratheodory1,
  title={Theory of functions of a complex variable,
  Second English Edition},
  author={Carath{\'e}odory, C.},
  note={Translated by F. Steinhardt},
  volume={1},
  year={1958},
  publisher={Chelsea Publishing Company}
}

@article{conway1999monster,
  title={A Monster Lie Algebra?},
  author={Conway, JH and Sloane, NJA and Borcherds, RE and Conway, JH and Queen, L and Sloane, NJA},
  journal={Sphere Packings, Lattices and Groups},
  pages={570--573},
  year={1999},
  publisher={Springer}
}

@article{frenkel1984,
  title={A natural representation of the Fischer-Griess Monster with the modular function J as character},
  author={Frenkel, Igor B and Lepowsky, James and Meurman, Arne},
  journal={Proceedings of the National Academy of Sciences},
  volume={81},
  number={10},
  pages={3256--3260},
  year={1984},
  publisher={National Acad Sciences}
}

@article{frenkel1985,
  title={Representations of Kac-Moody algebras and dual resonance models},
  author={Frenkel, I. B.},
  journal={Applications of group theory in physics and mathematical physics},
  volume={21},
  pages={325--354},
  year={1985},
  publisher={Amer. Math. Soc. Providence, RI}
}

@book{frenkel1989vertex,
  title={Vertex operator algebras and the Monster},
  author={Frenkel, I. B. and Lepowsky, J. and Meurman, A.},
  year={1989},
  publisher={Academic press}
}

@misc{OEISgerasimov,
  title={The On-Line Encyclopedia of Integer Sequences, A176003},
  author={Gerasimov, J.-S.},
  howpublished = {\url{http://oeis.org/A176003}},
}

@article{hecke1936,
  title={{\"U}ber die bestimmung dirichletscher reihen durch ihre funktionalgleichung},
  author={Hecke, E.},
  journal={Mathematische Annalen},
  volume={112},
  number={1},
  pages={664--699},
  year={1936},
  publisher={Springer}
}

@misc{sagemath,
title={Triangle functions on SageMath site},
author={Jermann, J.},
year={2013},
howpublished=
{\url{https://doc.sagemath.org/html/en/reference/modfrm_hecketriangle/index.html}}
}

@misc{OEISkimberling,
  title={The On-Line Encyclopedia of Integer Sequences, A037453},
  author={Kimberling, C.},
  howpublished = {\url{http://oeis.org/A037453}},
}

@misc{OEISkimberling2,
  title={The On-Line Encyclopedia of Integer Sequences, A191107},
  author={Kimberling, C.},
  howpublished = {\url{http://oeis.org/A191107}},
}

@book{kolberg1962congruences,
  title={Congruences for Ramanujan's Function $\tau(n)$.},
  author={Kolberg, O.},
  year={1962},
  publisher={Norwegian Universities Press}
}

@misc{OEISlebrun,
  title={The On-Line Encyclopedia of Integer Sequences, A006254},
  author={LeBrun, M.},
  howpublished = {\url{http://oeis.org/A006254}},
}

@misc{OEISlebrun2,
  title={The On-Line Encyclopedia of Integer Sequences, A003959},
  author={LeBrun, M.},
  howpublished = {\url{http://oeis.org/A003959}},
}

@misc{lehmer8note,
  title={Note on some arithmetical properties of elliptic modular functions},
  author={Lehmer, D. H.},
  note={Duplicated notes, University of California at Berkeley, cited in \cite{swinnerton1973}}
}

@article{lehner1954note,
  title={Note on the Schwarz triangle functions.},
  author={Lehner, J.},
  journal={Pacific Journal of Mathematics},
  volume={4},
  number={2},
  pages={243--249},
  year={1954},
  publisher={Pacific Journal of Mathematics}
}

@book{lehner1969lectures,
  title={Lectures on modular forms},
  author={Lehner, J.},
  volume={61},
  year={1969},
  publisher={National Bureau of Standards}
}

@misc{leo2008fourier,
  title={Fourier coefficients of triangle functions, Ph.D. thesis},
  author={Leo, J. G.},
  year={2008},
  howpublished = 
{\url{http://halfaya.org/ucla/research/thesis.pdf}}
}

@article{mordell1922note,
  title={Note on certain modular relations considered by Messrs. Ramanujan, Darling, and Rogers},
  author={Mordell, L. J.},
  journal={Proceedings of the London Mathematical Society},
  volume={2},
  number={1},
  pages={408--416},
  year={1922},
  publisher={Oxford University Press}
}

@misc{murthy2023,
  title={Black holes and modular forms in string theory},
  author={Murthy, S.},
  year={2023},
  howpublished = 
{\url{https://arxiv.org/pdf/2305.11732.pdf}}
}

@incollection{newman2004sequence,
  title={On a Sequence Arising in Series for $\pi$},
  author={Newman, M. and Shanks, D.},
  booktitle={Pi: A Source Book},
  pages={462--480},
  year={2004},
  publisher={Springer}
}

@misc{OEISNewmanShanks,
  title={The On-Line Encyclopedia of Integer Sequences, A005148},
  author={Plouffe, S. and Sloane, N. J. A.},
  howpublished = {\url{http://oeis.org/A005148}},
}

@article{raleigh1962fourier,
  title={On the Fourier coefficients of triangle functions},
  author={Raleigh, J.},
  journal={Acta Arithmetica},
  volume={8},
  pages={107--111},
  year={1962},
  publisher={Instytut Matematyczny Polskiej Akademii Nauk}
}

@article{ramanujan1916certain,
  title={On certain arithmetical functions},
  author={Ramanujan, S.},
  journal={Trans. Cambridge Philos. Soc},
  volume={22},
  number={9},
  pages={159--184},
  year={1916}
}

@inbook{certainCollected,
booktitle={Collected papers of
Srinivasa Ramanujan},
editors={Hardy, G.H., Aiyar, P. V  S.,
Wilson, B. M.},
title={On certain arithmetical functions},
author={Ramanujan, S.},
publisher={Cambridge University Press},
year={2015},
pages={136--162}
}

@inproceedings{rankin2006ramanujan,
  title={Ramanujan's unpublished work on congruences},
  author={Rankin, R. A.},
  booktitle={Modular Functions of one Variable V: Proceedings International Conference, University of Bonn, Sonderforschungsbereich Theoretische Mathematik July 2--14, 1976},
  pages={3--15},
  year={2006},
  organization={Springer}
}

@book{serre1970course,
  title={A course in arithmetic},
  author={Serre, J.-P.},
  journal={Grad. Texts in Math},
  year={1970},
  publisher={Springer-Verlag}
}

@article{shanks1982dihedral,
  title={Dihedral quartic approximations and series for $\pi$},
  author={Shanks, D.},
  journal={Journal of Number Theory},
  volume={14},
  number={3},
  pages={397--423},
  year={1982},
  publisher={Elsevier}
}

@article{siegel1969berechnung,
  title={Berechnung von Zetafunktionen an ganzzahligen Stellen},
  author={Siegel, C. L.},
  journal={Akad. Wiss.},
  volume={10},
  pages={87--102},
  year={1969}
}

@article{siegel1980evaluation,
  title={Evaluation of zeta functions for integral values of arguments},
  author={Siegel, C.  L.},
  journal={Advanced Analytic Number Theory, Tata Institute of Fundamental Research, Bombay},
  volume={9},
  pages={249--268},
  year={1980}
}

@misc{OEISsloane,
  title={The On-Line Encyclopedia of Integer Sequences, A049001},
  author={Sloane, N. J. A.},
  howpublished = {\url{http://oeis.org/A049001}},
}

@misc{OEISsloaneWilks,
  title={The On-Line Encyclopedia of Integer Sequences, A005187},
  author={Sloane, N. J. A. and Wilks, A.},
  howpublished = {\url{http://oeis.org/A0005187}},
}

@inproceedings{swinnerton1973,
  title={On l-adic representations and congruences for coefficients of modular forms},
  author={Swinnerton-Dyer, H. P. F.},
  booktitle={Modular Functions of One Variable III: Proceedings International Summer School University of Antwerp, RUCA July 17--August 3, 1972},
  pages={1--55},
  year={1973},
  organization={Springer}
}

@inproceedings{swinnerton1988,
title={Congruence properties of $\tau(n)$},
author={Swinnerton-Dyer, H. P. F.},
  booktitle={Ramanujan revisited: proceedings of the [Ramanujan] Centenary Conference, University of Illinois at Urbana-Champaign, June 1-5, 1987},
  pages={289--311},
  editors={Andrews, G. E., Askey, R. A., Berndt, B. C., Ramanathan, K. G., Rankin, R. A.},
  year={1988},
  publisher={Harcourt Brace Jovanovich}
}

@inproceedings{swinnerton2006,
  title={On l-adic representations and congruences for coefficients of modular forms (II)},
  author={Swinnerton-Dyer, H. P. F.},
  booktitle={Modular Functions of one Variable V: Proceedings International Conference, University of Bonn, Sonderforschungsbereich Theoretische Mathematik July 2--14, 1976},
  pages={63--90},
  year={2006},
  organization={Springer}
}

@misc{OEISturpel,
  title={The On-Line Encyclopedia of Integer Sequences, A037168},
  author={Turpel, A.},
  howpublished = {\url{http://oeis.org/A037168}},
}

@misc{jWiki,
title={j-invariant},
author={Wikipedia},
year={2022},
howpublished=
{\url{https://en.wikipedia.org/wiki/J-invariant}}
}

@article{wilton1930congruence,
  title={Congruence properties of Ramanujan's function $\tau$(n)},
  author={Wilton, J. R.},
  journal={Proceedings of the London Mathematical Society},
  volume={2},
  number={1},
  pages={1--10},
  year={1930},
  publisher={Wiley Online Library}
}

@incollection{newman2004sequenceAppendix,
  title={Appendix to `On a Sequence Arising in Series for $\pi$'
  by Newman and Shanks},
  author={Zagier, D.},
  booktitle={Pi: A Source Book},
  pages={462--480},
  year={2004},
  publisher={Springer}
}

@misc{OEISzum,
  title={The On-Line Encyclopedia of Integer Sequences, A084920},
  author={Zumkeller, R.},
  year={2013},
  howpublished = {\url{http://oeis.org/A084920}},
}
